% Encoding: UTF-8
@book{Bartelmann,
  author={Bartelmann, Matthias and Feuerbacher, Bj{\"o}rn and Kr{\"u}ger, Timm and L{\"u}st, Dieter and Rebhan, Anton and Wipf, Andreas},
  title={Theoretische Physik},
  publisher={Springer Spektrum},
  address={Berlin, Heidelberg},
  year={2015},
  language={ger},
  isbn={978-364-25461-8-1},
  series={SpringerLink : B{\"u}cher},
  doi={10.1007/978-3-642-54618-1},
}
@book{Gerthsen,
  author={Meschede, Dieter},
  title={Gerthsen Physik},
  edition={25. Aufl. 2015. Neuauflage 2015},
  publisher={Springer Spektrum},
  address={Berlin, Heidelberg},
  year={2015},
  language={ger},
  isbn={978-366-24597-7-5},
  series={SpringerLink : B{\"u}cher},
  doi={10.1007/978-3-662-45977-5},
}
@book{aescher,
  author={Amann, Herbert and Escher, Joachim},
  title={Analysis III},
  edition={Zweite Auflage},
  publisher={Birkh{\"a}user Basel},
  address={Basel},
  year={2008},
  language={ger},
  isbn={978-3-7643-8884-3},
  series={Grundstudium Mathematik},
  doi={10.1007/978-3-7643-8884-3},
}
@book{astro,
  author={Phillips, Anthony C.},
  title={The physics of stars},
  publisher={Wiley},
  address={Chichester [u.a.]},
  year={1994},
  language={eng},
  isbn={0-471-94057-7 and 0-471-94155-7 and 978-0-471-94057-9 and 978-0-471-94155-2},
  series={The Manchester physics series},
}
@Article{Hertz1887,
  author        = {Hertz, Heinrich},
  title         = {Ueber einen Einfluss des ultravioletten Lichtes auf die electrische Entladung},
  journal       = {Annalen der Physik},
  year          = {1887},
  volume        = {267},
  number        = {8},
  pages         = {983--1000},
  publisher     = {Wiley Online Library},
}
